@misc{wiki:D-field-flux,
  title = {Example Wikipedia Page},
  url = {https://en.wikipedia.org/wiki/Gauss%27s_law#Equation_involving_the_D_field},
}

@misc{wiki:electric-flux,
  title = {Example Wikipedia Page},
  url = {https://en.wikipedia.org/wiki/Flux#Electric_flux},
}