/home/tapyu/.cache/zotero/refs.bib