@article{barnes2006matrix,
  title={Matrix differentiation},
  author={Barnes, Randal J},
  journal={Springs Journal},
  pages={1--9},
  year={2006},
  publisher={Univ. Minnesota}
}

@article{petersen2008matrix,
  title={The matrix cookbook},
  author={Petersen, Kaare Brandt and Pedersen, Michael Syskind and others},
  journal={Technical University of Denmark},
  volume={7},
  number={15},
  pages={510},
  year={2008}
}

@book{dhrymes1978mathematics,
  title={Mathematics for econometrics},
  author={Dhrymes, Phoebus J and Dhrymes, Phoebus J},
  volume={984},
  year={1978},
  publisher={Springer}
}

@misc{Singh,
  author        = {Aarti Singh},
  title         = {Lecture notes in Introduction to Machine Learning},
  year          = {2013-2016},
  publisher={Carnegie Mellon University},
  url          = {https://www.cs.cmu.edu/~aarti/Class/10315_Spring22/315S22_Rec4.pdf},
}

@misc{Taconeli,
  author        = {Cesar Augusto Taconeli},
  title         = {Lecture notes in Análise de Regressão Linear},
  year          = {2018},
  publisher     = {Universidade Federal do Paraná - Departamento de Estatística},
  url           = {https://docs.ufpr.br/~taconeli/CE07118/Algebra.pdf},
}

@misc{Matrixca44:online,
author = {},
title = {Matrix calculus - Wikipedia},
url   = {https://en.wikipedia.org/wiki/Matrix_calculus#Numerator-layout_notation},
month = {},
year = {},
note = {(Accessed on 09/22/2022)}
}

@misc{Klein,
  author        = {Paul Klein},
  title         = {Lecture notes of Macroeconomics},
  year          = {1999},
  publisher     = {Stockholms universitet - Department of Economics},
  url           = {http://paulklein.ca/newsite/teaching/calcvec.pdf},
}

@misc{haykin2009neural,
  author        = {Haykin, Simon S and others},
  title         = {Neural networks and learning machines},
  year          = {2009},
  publisher     = {Prentice Hall},
}

@book{hjorungnes2011complex,
  title={Complex-valued matrix derivatives: with applications in signal processing and communications},
  author={Hj{\o}rungnes, Are},
  year={2011},
  publisher={Cambridge University Press}
}

@book{searle2017matrix,
  title={Matrix algebra useful for statistics},
  author={Searle, Shayle R and Khuri, Andre I},
  year={2017},
  publisher={John Wiley \& Sons}
}

@misc{ThomasMinka,
  author        = {Old and New Matrix Algebra Useful for Statistics},
  title         = {Lecture notes of Macroeconomics},
  year          = {2000},
  publisher     = {Thomas P. Minka},
  url           = {https://tminka.github.io/papers/matrix/minka-matrix.pdf},
}

@article{hjorungnes2007complex,
  title={Complex-valued matrix differentiation: Techniques and key results},
  author={Hjorungnes, Are and Gesbert, David},
  journal={IEEE Transactions on Signal Processing},
  volume={55},
  number={6},
  pages={2740--2746},
  year={2007},
  publisher={IEEE}
}

@book{diniz1997adaptive,
  title={Adaptive filtering},
  author={Diniz, Paulo SR and others},
  volume={4},
  year={1997},
  publisher={Springer}
}

@book{stewart2020calculus,
  title={Calculus: early transcendentals},
  author={Stewart, James and Clegg, Daniel K and Watson, Saleem},
  year={2020},
  publisher={Cengage Learning}
}